; Hier werden die Quellen gesammelt. Eine Auflistung, welche Arten von Quellen bibtex verwalten kann, findet sich z.B. auf Wikipedia unter
; http://de.wikipedia.org/wiki/BibTeX

; Quellen zur Linearen Programmierung

@book{bertsimas1997introduction,
	title={Introduction to Linear Optimization},
	author={Bertsimas, Dimitris and Tsitsiklis, John N},
	volume={6},
	year={1997},
	publisher={Athena Scientific Belmont, MA}
}

; Hier auch NP-Vollständigkeit für diverse Modifikationen
@book{schrijver1998theory,
	title={Theory of linear and integer programming},
	author={Schrijver, Alexander},
	year={1998},
	publisher={John Wiley \& Sons}
}

; Beweis der NP-Vollständigkeit von 01-Int-Prog.
@incollection{karp1972reducibility,
	title={Reducibility among combinatorial problems},
	author={Karp, Richard M},
	booktitle={Complexity of computer computations},
	pages={85--103},
	year={1972},
	publisher={Springer}
}


; Quellen zu MHC und Co

; Organtransplantation und HLA
@article{Opelz1999HLACA,
	title={HLA compatibility and organ transplant survival. Collaborative Transplant Study.},
	author={Gerhard Opelz and Thomas Wujciak and Bernd D{\"o}hler and Sabine Scherer and Joannis Mytilineos},
	journal={Reviews in immunogenetics},
	year={1999},
	volume={1 3},
	pages={334-42}
}

; HLA und Krankheiten
@book{tiwari2012hla,
	title={HLA and Disease Associations},
	author={Tiwari, Jawahar L and Terasaki, Paul I},
	year={2012},
	publisher={Springer Science \& Business Media}
}


; Illumina-Sequenzierung
@misc{Illumina,
	title = {Illumina, Inc.},
	howpublished = {\url{https://www.illumina.com}},
	note = {Accessed: 2019-09-20}
}

; Patent zu Paired-End-Sequenzierung
@misc{berka2009paired,
	title={Paired end sequencing},
	author={Berka, Jan and Chen, Zhoutao and Egholm, Michael and Godwin, Brian C and Hutchison, Stephen Kyle and Leamon, John Harris and Sarkis, Gary James and Simons, Jan Fredrik},
	year={2009},
	publisher={Google Patents},
	note={US Patent 7,601,499}
}


; Nanopore-Sequenzierung
@misc{Nanopore,
	title = {Oxford Nanopore Technologies},
	howpublished = {\url{https://nanoporetech.com}},
	note = {Accessed: 2019-09-20}
}


; Nanopore mit Alexa
@article{jain2018nanopore,
	title={Nanopore sequencing and assembly of a human genome with ultra-long reads},
	author={Jain, Miten and Koren, Sergey and Miga, Karen H and Quick, Josh and Rand, Arthur C and Sasani, Thomas A and Tyson, John R and Beggs, Andrew D and Dilthey, Alexander T and Fiddes, Ian T and others},
	journal={Nature biotechnology},
	volume={36},
	number={4},
	pages={338},
	year={2018},
	publisher={Nature Publishing Group}
}

; Fehler bei Nanopore
@article {Harris475194,
	author = {Harris, Robert S. and Cechova, Monika and Makova, Kateryna D.},
	title = {Noise-Cancelling Repeat Finder: Uncovering tandem repeats in error-prone long-read sequencing data},
	elocation-id = {475194},
	year = {2018},
	publisher = {Cold Spring Harbor Laboratory},
	URL = {https://www.biorxiv.org/content/early/2018/11/22/475194},
	journal = {bioRxiv}
}

; Gurobi
@misc{Gurobi,
	title = {Gurobi Optimization},
	howpublished = {\url{https://www.gurobi.com}},
	note = {Accessed: 2019-09-23}
}





; VORLAGEN

; zuerst die Pflichtfelder und durch Leerzeile getrennt die optionalen Angaben


@ARTICLE{article,
	author = {},
	title = {},
	journal = {},
	year = {},

	volume = {},
	number = {},
	pages = {},
	month = {},
	note = {},
}


@BOOK{book,
	author = {},
	editor = {},
	title = {},
	publisher = {},
	year = {},

	volume = {},
	number = {},
	series = {},
	address = {},
	edition = {},
	month = {},
	note = {},
}


@BOOKLET{booklet,
	title = {},

	author = {},
	howpublished = {},
	address = {},
	month = {},
	year = {},
	note = {},
}


@CONFERENCE{conference,
	author = {},
	title = {},
	booktitle = {},
	year = {},

	editor = {},
	volume = {},
	number = {},
	series = {},
	pages = {},
	address = {},
	month = {},
	organization = {},
	publisher = {},
	note = {},
}


@INBOOK{inbook,
	author = {},
	editor = {},
	title = {},
	chapter = {},
	pages = {},
	publisher = {},
	year = {},

	volume = {},
	number = {},
	series = {},
	type = {},
	address = {},
	edition = {},
	month = {},
	note = {},
}


@INCOLLECTION{incollection,
	author = {},
	title = {},
	booktitle = {},
	publisher = {},
	year = {},

	editor = {},
	volume = {},
	number = {},
	series = {},
	type = {},
	chapter = {},
	pages = {},
	address = {},
	edition = {},
	month = {},
	note = {},
}


@INPROCEEDINGS{inproceedings,
	author = {},
	title = {},
	booktitle = {},
	year = {},

	editor = {},
	volume = {},
	number = {},
	series = {},
	pages = {},
	address = {},
	month = {},
	organization = {},
	publisher = {},
	note = {},
}


@MANUAL{manual,
	title = {},

	author = {},
	organization = {},
	address = {},
	edition = {},
	month = {},
	year = {},
	note = {},
}


@MASTERSTHESIS{mastersthesis,
	author = {},
	title = {},
	school = {},
	year = {},

	type = {},
	address = {},
	month = {},
	note = {},
}


@MISC{misc,

	author = {},
	title = {},
	howpublished = {},
	month = {},
	year = {},
	note = {},
}


@PHDTHESIS{phdthesis,
	author = {},
	title = {},
	school = {},
	year = {},

	type = {},
	address = {},
	month = {},
	note = {},
}


@PROCEEDINGS{proceedings,
	title = {},
	year = {},

	editor = {},
	volume = {},
	number = {},
	series = {},
	address = {},
	month = {},
	organization = {},
	publisher = {},
	note = {},
}


@TECHREPORT{techreport,
	author = {},
	title = {},
	institution = {},
	year = {},

	type = {},
	note = {},
	number = {},
	address = {},
	month = {},
}


@UNPUBLISHED{unpublished,
	author = {},
	title = {},
	note = {},

	month = {},
	year = {},
}
